<?xml version="1.0" encoding="UTF-8"?><collection xmlns="http://www.loc.gov/MARC21/slim"><record><leader>00501nam--2200181-u-4500</leader><controlfield tag="001">000053601</controlfield><controlfield tag="002">20161230</controlfield><controlfield tag="005">20161230201051</controlfield><controlfield tag="008">110509s1000------------r-----000-0-eng-d</controlfield><datafield ind1=" " ind2=" " tag="040"><subfield code="a">IFIN-HH</subfield></datafield><datafield ind1=" " ind2=" " tag="080"><subfield code="a">536.24:536.3</subfield></datafield><datafield ind1="1" ind2=" " tag="100"><subfield code="a">Chandrasekhar,S</subfield></datafield><datafield ind1="1" ind2="0" tag="245"><subfield code="a">Perenos lucistoi energii</subfield><subfield code="c">S. chandrasekhar</subfield></datafield><datafield ind1=" " ind2=" " tag="260"><subfield code="a">Moskva</subfield><subfield code="b">Inostrannoi Literaturi</subfield><subfield code="c">1953</subfield></datafield><datafield ind1=" " ind2=" " tag="300"><subfield code="a">431P</subfield></datafield><datafield ind1=" " ind2=" " tag="500"><subfield code="a">Titlul Original In Limba Engleza: Radiative Transfer</subfield></datafield><datafield ind1=" " ind2=" " tag="852"><subfield code="a">33155</subfield><subfield code="c">536</subfield></datafield><datafield ind1=" " ind2=" " tag="CAT"><subfield code="a">Sys</subfield><subfield code="c">20110509</subfield><subfield code="h">091113</subfield></datafield></record></collection>